% Encoding: UTF-8

@article{aanjaneya2009tromino,
  title={Tromino tilings of domino-deficient rectangles},
  author={Aanjaneya, Mridul},
  journal={Discrete mathematics},
  volume={309},
  number={4},
  pages={937--944},
  year={2009},
  publisher={Elsevier}
}% 2개로 해서 뺀 논문

@book{golomb2021polyominoes,
  title={Polyominoes},
  author={Golomb, Solomon W},
  year={2021},
  publisher={Princeton University Press}
} % f

@article{nitica2017tilings,
  title={The tilings of deficient squares by ribbon L-tetrominoes are diagonally cracked},
  author={Nitica, Viorel},
  journal={arXiv preprint arXiv:1701.00419},
  year={2017}
}% 펜토미노타일링(cracked) 에 대한 논문



